@Book{SDSW,
 author                   = {Eric Redmond, Jim R. Wilson},
 title                    = {Seven Databases in Seven Weeks},
 edition                  = {1º},
 publisher                = {Pragmatic Programers, LLC},
 year                     = {2012},
 month                    = May
}

@Book{CJDate,
 author                   = {C.J. Date},
 title                    = {Introdução a Sistema de Bancos de Dados},
 edition                  = {8º},
 publisher                = {Elsevier Editora LTDA},
 year                     = {2004}
}

@Book{NoSQL,
 author                   = {Pramod J. Sadalage, Martin Fowler},
 title                    = {NoSql, A Brief Guide to the Emerging World of Polyglot Persistence},
 edition                  = {8º},
 publisher                = {Pearson Education, Inc},
 year                     = {2013}
}

@ARTICLE{dynamo,
 author                   =   {Giuseppe DeCandia and Deniz Hastorun and Madan Jampani and Gunavardhan Kakulapati and Avinash Lakshman and Alex Pilchin and Swaminathan Sivasubramanian and Peter Vosshall and Werner Vogels },
 title                   ={Dynamo: Amazon’s Highly Available Key-value Store},
 journal                  ={ACM Symposium on Operating Systems Principles},
 volume                   = {21st},
 year                     ={2007}
}


@Book{Elmasri,
  Title                    = {Sistema de Banco de Dados},
  Author                   = {Ramez Elmasri, Shamkant B. Navathe},
  Publisher                = {Pearson Education do Brasil Ltda},
  Year                     = {2005},
  edition                  = {4º},
  Pages                    = {7,8,9}
}


@inproceedings{bigtable,
 author                    = {Chang, Fay and Dean, Jeffrey and Ghemawat, Sanjay and Hsieh, Wilson C. and Wallach, Deborah A. and Burrows, Mike and Chandra, Tushar and Fikes, Andrew and Gruber and Robert E.},
 title                     = {Bigtable: A Distributed Storage System for Structured Data},
 booktitle                 = {Proceedings of the 7th USENIX Symposium on Operating Systems Design and Implementation - Volume 7},
 series                    = {OSDI '06},
 year                      = {2006},
 location                  = {Seattle, WA},
 pages                     = {15--15},
 numpages                  = {1},
 url                       = {http://dl.acm.org/citation.cfm?id=1267308.1267323},
 acmid                     = {1267323},
 publisher                 = {USENIX Association},
 address                   = {Berkeley, CA, USA}
}
